<record><leader>00000cas a2200000 a 4500</leader><controlfield tag="001">47029815</controlfield><controlfield tag="008">010529d191019uunyuwr ne      0    0eng c</controlfield><datafield ind1=" " ind2=" " tag="010"><subfield code="a">sn2001062031</subfield></datafield><datafield ind1=" " ind2=" " tag="040"><subfield code="a">NYS</subfield><subfield code="b">eng</subfield><subfield code="c">NYS</subfield><subfield code="d">OCLCQ</subfield><subfield code="d">OCLCF</subfield><subfield code="d">OCLCO</subfield></datafield><datafield ind1="1" ind2=" " tag="029"><subfield code="a">AU@</subfield><subfield code="b">000022746291</subfield></datafield><datafield ind1=" " ind2=" " tag="042"><subfield code="a">pcc</subfield></datafield><datafield ind1=" " ind2=" " tag="043"><subfield code="a">n-us-ny</subfield></datafield><datafield ind1="0" ind2=" " tag="130"><subfield code="a">Democrat-herald (Tompkinsville, New York, N.Y.)</subfield></datafield><datafield ind1="1" ind2="0" tag="245"><subfield code="a">Democrat-herald.</subfield></datafield><datafield ind1=" " ind2=" " tag="260"><subfield code="a">Tompkinsville, N.Y. :</subfield><subfield code="b">Joseph A. Browne,</subfield><subfield code="c">1910-</subfield></datafield><datafield ind1=" " ind2=" " tag="300"><subfield code="a">v. ;</subfield><subfield code="c">66 cm.</subfield></datafield><datafield ind1=" " ind2=" " tag="310"><subfield code="a">Weekly</subfield></datafield><datafield ind1="0" ind2=" " tag="362"><subfield code="a">Vol. 30, no. 49 (Mar. 19, 1910)-</subfield></datafield><datafield ind1="1" ind2=" " tag="362"><subfield code="a">Suspended ca. 1941. Directory listing ceased in the 1950's. Cf. Sachs, Charles L. "The Press on Staten Island," Staten Island Historian, Summer-Fall, 1986.</subfield></datafield><datafield ind1=" " ind2=" " tag="500"><subfield code="a">Publisher: Browne Bros. &lt;Mar. 3, 1917&gt;-</subfield></datafield><datafield ind1=" " ind2=" " tag="500"><subfield code="a">"All the news of Richmond Boro."</subfield></datafield><datafield ind1=" " ind2=" " tag="580"><subfield code="a">Consolidation of: Richmond County Democrat, and: Richmond County herald.</subfield></datafield><datafield ind1=" " ind2=" " tag="588"><subfield code="a">Description based on: Vol. 37 (Dec. 16, 1916).</subfield></datafield><datafield ind1=" " ind2=" " tag="588"><subfield code="a">Latest issue consulted: Vol. 57 (Nov. 25, 1938).</subfield></datafield><datafield ind1=" " ind2="0" tag="651"><subfield code="a">Staten Island (New York, N.Y.)</subfield><subfield code="v">Newspapers.</subfield></datafield><datafield ind1=" " ind2="0" tag="651"><subfield code="a">Richmond County (N.Y.)</subfield><subfield code="v">Newspapers.</subfield></datafield><datafield ind1=" " ind2="0" tag="651"><subfield code="a">New York (N.Y.)</subfield><subfield code="v">Newspapers.</subfield></datafield><datafield ind1=" " ind2="4" tag="651"><subfield code="a">Tompkinsville (New York, N.Y.)</subfield><subfield code="v">Newspapers.</subfield></datafield><datafield ind1=" " ind2="7" tag="655"><subfield code="a">Newspapers.</subfield><subfield code="2">fast</subfield><subfield code="0">(OCoLC)fst01423814</subfield></datafield><datafield ind1=" " ind2="7" tag="651"><subfield code="a">New York (State)</subfield><subfield code="z">New York.</subfield><subfield code="2">fast</subfield><subfield code="0">(OCoLC)fst01204333</subfield></datafield><datafield ind1=" " ind2="7" tag="651"><subfield code="a">New York (State)</subfield><subfield code="z">New York</subfield><subfield code="z">Staten Island.</subfield><subfield code="2">fast</subfield><subfield code="0">(OCoLC)fst01312784</subfield></datafield><datafield ind1=" " ind2="7" tag="651"><subfield code="a">New York (State)</subfield><subfield code="z">Richmond County.</subfield><subfield code="2">fast</subfield><subfield code="0">(OCoLC)fst01246820</subfield></datafield><datafield ind1=" " ind2=" " tag="752"><subfield code="a">United States</subfield><subfield code="b">New York</subfield><subfield code="c">Richmond</subfield><subfield code="d">Staten Island.</subfield></datafield><datafield ind1=" " ind2=" " tag="752"><subfield code="a">United States</subfield><subfield code="b">New York</subfield><subfield code="d">New York.</subfield></datafield><datafield ind1="1" ind2="4" tag="780"><subfield code="t">Richmond County Democrat</subfield><subfield code="w">(DLC)sn2001061990</subfield><subfield code="w">(OCoLC)47791634</subfield></datafield><datafield ind1="1" ind2="4" tag="780"><subfield code="t">Richmond County herald</subfield><subfield code="w">(DLC)sn 88073026</subfield><subfield code="w">(OCoLC)18347655</subfield></datafield></record>